<collection xmlns="http://www.loc.gov/MARC21/slim"><record><leader>00740nam  2200217   450</leader><controlfield tag="001">517</controlfield><controlfield tag="003">http://montalegre.opacnet.com/OPAC/default.aspx?ContentAreaControl=ShowRegHoldings.ascx&amp;RegNo=16662</controlfield><datafield tag="095" ind1=" " ind2=" "><subfield code="a">PTBN00027776</subfield></datafield><datafield tag="100" ind1=" " ind2=" "><subfield code="a">20070518d1984    m  y0pory010305  ba</subfield></datafield><datafield tag="101" ind1="1" ind2=" "><subfield code="a">por</subfield><subfield code="c">eng</subfield></datafield><datafield tag="102" ind1=" " ind2=" "><subfield code="a">PT</subfield></datafield><datafield tag="200" ind1="1" ind2=" "><subfield code="a">No limiar da realidade</subfield><subfield code="f">Robert Bloch</subfield><subfield code="g">trad. Margarida Pratas</subfield></datafield><datafield tag="210" ind1=" " ind2=" "><subfield code="a">Mem Martins</subfield><subfield code="c">Europa-América</subfield><subfield code="d">[D.L. 1984]</subfield></datafield><datafield tag="215" ind1=" " ind2=" "><subfield code="a">142 p.</subfield><subfield code="c">il.</subfield><subfield code="d">18 cm</subfield></datafield><datafield tag="225" ind1="2" ind2=" "><subfield code="a">Livros de bolso</subfield><subfield code="i">Série pêndulo</subfield><subfield code="v">5</subfield></datafield><datafield tag="304" ind1=" " ind2=" "><subfield code="a">Tít. orig.: Twilight zone</subfield></datafield><datafield tag="675" ind1=" " ind2=" "><subfield code="a">821</subfield><subfield code="v">bn</subfield><subfield code="z">por</subfield></datafield><datafield tag="700" ind1=" " ind2="1"><subfield code="a">Bloch</subfield><subfield code="b">Robert</subfield><subfield code="f">1918-1994</subfield></datafield><datafield tag="702" ind1=" " ind2="1"><subfield code="a">Pratas</subfield><subfield code="b">Margarida</subfield><subfield code="4">730</subfield></datafield><datafield tag="801" ind1=" " ind2="0"><subfield code="a">PT</subfield><subfield code="b">Biblioteca Municipal de Montalegre</subfield><subfield code="g">RPC</subfield></datafield><datafield tag="856" ind1=" " ind2=" "><subfield code="u">locateMedia.asp?cod=20060517173333&amp;ext=jpg</subfield><subfield code="z">CAPA</subfield></datafield><datafield tag="909" ind1="&#9;" ind2=" "><subfield code="a">1</subfield></datafield><datafield tag="966" ind1=" " ind2=" "><subfield code="a">0005169</subfield><subfield code="l">BMM</subfield><subfield code="s">SCG 821 BLO lim 5</subfield></datafield></record></collection>